@article{cit1,
  title={titolo},
  author={Autore Nome},
  url={https://qz.com/1145833/cryptokitties-is-causing-ethereum-network-congestion/},
  year={2017},
  journal={Quartz}
}
